%% Created using Papers on Thu, 11 Dec 2014.
%% http://papersapp.com/papers/

@inproceedings{Montiel:2006:RSS,
author = {Montiel, J. M.  Mart{\'\i}nez and Civera, Javier and Davison, Andrew J},
title = {{Unified Inverse Depth Parametrization for Monocular SLAM.}},
booktitle = {Robotics: Science and Systems},
year = {2006}
}

@article{Sola:2011:IJCV,
author = {Sola, Joan and Vidal-Calleja, Teresa and Civera, Javier and Montiel, J. M.  Mart{\'\i}nez},
title = {{Impact of Landmark Parametrization on Monocular EKF-SLAM with Points and Lines}},
journal = {International Journal of Computer Vision},
year = {2011},
volume = {97},
number = {3},
pages = {339--368},
month = sep
}

@article{Li:2013:IJRR,
author = {Li, Mingyang and Mourikis, Anastasios I},
title = {{High-precision, consistent EKF-based visual-inertial odometry}},
journal = {International Journal of Robotics Research},
year = {2013},
volume = {32},
number = {6},
pages = {690--711},
month = jun,
annote = {MSCKF 2.0

Better consistency properties than MSCKF 1.0:
- Uses First Estimates Jacobians
- Includes camera-IMU transformation in state}
}

@inproceedings{Mourikis:2007:ICRA,
author = {Mourikis, Anastasios I and Roumeliotis, Stergios I},
title = {{A Multi-State Constraint Kalman Filter for Vision-aided Inertial Navigation.}},
booktitle = {IEEE International Conference on Robotics and Automation},
year = {2007},
pages = {3565--3572},
publisher = {IEEE},
annote = {MSCKF 1.0}
}

@inproceedings{Li:2012:ICRA,
author = {Li, Mingyang and Mourikis, Anastasios I},
title = {{Improving the accuracy of EKF-based visual-inertial odometry}},
booktitle = {IEEE International Conference on Robotics and Automation},
year = {2012},
pages = {828--835},
publisher = {IEEE}
}

